
%These are just samples...
@book{perrig2017scion,
  title={SCION: a secure Internet architecture},
  author={Perrig, Adrian and Szalachowski, Pawel and Reischuk, Raphael M and Chuat, Laurent},
  year={2017},
  publisher={Springer}
}
@online{hubert2002linux,
  author={Hubert, Bert and others},
  title={Linux advanced routing \& traffic control HOWTO},
  year = {2002},
  url = {https://lartc.org/lartc.pdf},
  urldate = {2019-02-18}
}
@online{kwonmondrian,
  title={MONDRIAN: Comprehensive Inter-domain Network Zoning Architecture},
  author={Kwon, Jonghoon and H{\"a}hni, Claude and Bamert, Patrick and Perrig, Adrian},
  url={https://netsec.ethz.ch/publications/papers/ndss21_mondrian.pdf},
  year={2020}
}

@incollection{perrig2017opt,
  title={OPT and DRKey},
  author={Perrig, Adrian and Szalachowski, Pawel and Reischuk, Raphael M and Chuat, Laurent},
  booktitle={SCION: A Secure Internet Architecture},
  pages={279--297},
  year={2017},
  publisher={Springer}
}

@online{LeisersonFatTree,
  author={Leiserson, Charles E.},
  journal={IEEE Transactions on Computers}, 
  title={Fat-trees: Universal networks for hardware-efficient supercomputing}, 
  year={1985},
  url={https://ieeexplore.ieee.org/stamp/stamp.jsp?tp=&arnumber=6312192}
  }

@online{singla2012jellyfish,
  title={Jellyfish: Networking data centers randomly},
  author={Singla, Ankit and Hong, Chi-Yao and Popa, Lucian and Godfrey, P Brighten},
  journal={USENIX Symposium on Networked Systems Design and Implementation},
  url={https://www.usenix.org/system/files/conference/nsdi12/nsdi12-final82.pdf},
  year={2012}
}

@online{guo2008dcell,
  title={Dcell: a scalable and fault-tolerant network structure for data centers},
  author={Guo, Chuanxiong and Wu, Haitao and Tan, Kun and Shi, Lei and Zhang, Yongguang and Lu, Songwu},
  journal={Proceedings of the ACM SIGCOMM 2008 conference on Data communication},
  year={2008},
  url={https://dl.acm.org/doi/pdf/10.1145/1402958.1402968}
}

@online{guo2009bcube,
  title={BCube: a high performance, server-centric network architecture for modular data centers},
  author={Guo, Chuanxiong and Lu, Guohan and Li, Dan and Wu, Haitao and Zhang, Xuan and Shi, Yunfeng and Tian, Chen and Zhang, Yongguang and Lu, Songwu},
  journal={Proceedings of the ACM SIGCOMM 2009 conference on Data communication},
  year={2009},
  url={https://dl.acm.org/doi/pdf/10.1145/1592568.1592577}
}

@online{talpurnetwork,
  title={Network Traffic Observations in Data Centers and Forecasting Techniques for Resource Utilization},
  author={Talpur, Samar Raza},
  year={2017},
  url = {https://saiconference.com/Downloads/FTC2017/Proceedings/137_Paper_21-Network_Traffic_Observations_in_Data_Centers.pdf}
}

@online{tijare2016northbound,
  title={The northbound APIs of software defined networks},
  author={Tijare, PV and Vasudevan, D},
  journal={International journal of engineering sciences and research technology},
  year={2016},
  url={https://www.researchgate.net/publication/330306237_The_Northbound_APIs_of_Software_Defined_Networks}
}

@online{braun2014software,
  title={Software-defined networking using OpenFlow: Protocols, applications and architectural design choices},
  author={Braun, Wolfgang and Menth, Michael},
  journal={Future Internet},
  year={2014},
  publisher={Multidisciplinary Digital Publishing Institute},
  url={https://doi.org/10.3390/fi6020302}
}

@online{vmware2021nsx,
  title={VMware NSX Data Center},
  author={VMware Inc.},
  year={2021},
  url = {https://www.vmware.com/content/dam/digitalmarketing/vmware/en/pdf/products/nsx/vmware-nsx-datasheet.pdf}
}

@online{intel2015OVS,
  title={Open vSwitch* Enables SDN and NFV Transformation},
  author={Intel Corporation},
  year={2015},
  url = {https://networkbuilders.intel.com/docs/open-vswitch-enables-sdn-and-nfv-transformation-paper.pdf}
}

@online{greenberg2008cost,
  title={The cost of a cloud: research problems in data center networks},
  author={Greenberg, Albert and Hamilton, James and Maltz, David A and Patel, Parveen},
  year={2008},
  publisher={ACM New York, NY, USA},
  url={https://dl.acm.org/doi/pdf/10.1145/1496091.1496103}
}

@online{goransson2014SDN,
  title = {Software Defined Networks},
  author = {Paul Goransson and Chuck Black},
  booktitle = {Software Defined Networks},
  publisher = {Morgan Kaufmann},
  address = {Boston},
  year = {2014},
  url = {https://www.sciencedirect.com/science/article/pii/B9780124166752000140}
}

@online{att2012NFV,
  title={Network Functions Virtualisation},
  author={AT\&T, BT, CenturyLink},
  year={2012},
  url = {https://portal.etsi.org/NFV/NFV_White_Paper.pdf}
}

@inproceedings{agborubere2017openflow,
  title={Openflow communications and tls security in software-defined networks},
  author={Agborubere, Belema and Sanchez-Velazquez, Erika},
  booktitle={2017 IEEE International Conference on Internet of Things (iThings) and IEEE Green Computing and Communications (GreenCom) and IEEE Cyber, Physical and Social Computing (CPSCom) and IEEE Smart Data (SmartData)},
  pages={560--566},
  year={2017},
  organization={IEEE}
}

@online{rott2012AESNI,
  title={IntelÂ® Advanced Encryption Standard Instructions (AES-NI)},
  author={Jeffrey Keith Rott},
  year={2012},
  url = {https://software.intel.com/content/www/us/en/develop/articles/intel-advanced-encryption-standard-instructions-aes-ni.html}
}

@online{RYU2021docs,
  title={ryu Documentation},
  author={ryu development team},
  year={2021},
  url = {https://ryu.readthedocs.io/_/downloads/en/latest/pdf/}
}

@online{google2020gopacket,
  title={GoPacket},
  author={Google, Inc.},
  year={2020},
  url={https://pkg.go.dev/github.com/google/gopacket}
}

@online{mininet2021webpage,
  title={Mininet - An Instant Virtual Network on your Laptop (or other PC)},
  author={Mininet Project Contributors},
  year={2021},
  url={http://mininet.org/}
}

@online{peuster2018containernet,
  title={Containernet 2.0: A rapid prototyping platform for hybrid service function chains},
  author={Peuster, Manuel and Kampmeyer, Johannes and Karl, Holger},
  journal={2018 4th IEEE Conference on Network Softwarization and Workshops (NetSoft)},
  year={2018},
  organization={IEEE},
  url={https://ieeexplore.ieee.org/stamp/stamp.jsp?tp=&arnumber=8459905}
}

@online{wireshark2021,
  title={Wireshark - Go Deep},
  author={Wireshark Foundation},
  year={2021},
  url={https://www.wireshark.org/}
}

@online{meinen2021DCMONDRIAN,
  title={DC-MONDRIAN},
  author={Manuel Meinen},
  year={2021},
  url={https://github.com/ManuelMeinen/DC-MONDRIAN}
}